@incollection{Groth2016,
  author = {Jens Groth},
  title = {On the Size of Pairing-Based Non-interactive Arguments},
  booktitle = {Lecture Notes in Computer Science},
  pages = {305--326},
  year = {2016},
  doi = {10.1007/978-3-662-49896-5_11},
  publisher = {Springer},
  url = {https://doi.org/10.1007/978-3-662-49896-5_11},
}

@article{Goldreich1991,
  author = {Oded Goldreich and Silvio Micali and Avi Wigderson},
  title = {Proofs that Yield Nothing but Their Validity or All Languages in NP Have Zero-Knowledge Proof Systems},
  journal = {Journal of the ACM},
  volume = {38},
  number = {3},
  pages = {690--728},
  year = {1991},
  doi = {10.1145/116825.116852},
}

@article{BenSasson2018,
  author = {Eli Ben-Sasson and Idan Bentov and Yinon Horesh and Michael Riabzev},
  title = {Scalable, Transparent, and Post-Quantum Secure Computational Integrity},
  journal = {EPrint Archive},
  year = {2018},
  url = {https://eprint.iacr.org/2018/046},
}

@inproceedings{Aurora2019,
  author = {Eli Ben-Sasson and Alessandro Chiesa and Michael Riabzev and Nicholas Spooner and Mark Virza and Nicholas P. Ward},
  title = {Aurora: Transparent Succinct Arguments for R1CS},
  booktitle = {Proceedings of Advances in Cryptology – EUROCRYPT 2019},
  year = {2019},
  url = {https://eprint.iacr.org/2018/828.pdf},
}

@inproceedings{Arun2024,
  author = {Aaditya Arun and Srinath Setty and Justin Thaler},
  title = {Jolt: SNARKs for Virtual Machines via Lookups},
  booktitle = {Advances in Cryptology – EUROCRYPT 2024},
  publisher = {Springer Nature Switzerland},
  pages = {3--33},
  year = {2024},
  doi = {10.1007/978-3-031-58751-1_1},
}

@article{RISCZeth2023,
  title = {RISC Zero’s Open Source Zeth Proves Ethereum Blocks in Minutes, Instead of Hours},
  journal = {Journal of Engineering},
  pages = {2272--},
  year = {2023},
  publisher = {NewsRX LLC},
}

@article{Wang2024,
  author = {Hao Wang and Ruixuan Bie and Tien Dung Hoang},
  title = {An Efficient and Zero-Knowledge Classical Machine Learning Inference Pipeline},
  journal = {IEEE Transactions on Dependable and Secure Computing},
  year = {2024},
  pages = {1--18},
  doi = {10.1109/TDSC.2024.3435010},
}

@inproceedings{Ganescu2024,
  author = {Bogdan M. Ganescu and Jules Passerat-Palmbach},
  title = {Trust the Process: Zero-Knowledge Machine Learning to Enhance Trust in Generative AI Interactions},
  booktitle = {arXiv.Org},
  year = {2024},
}

@misc{Bruestle2023,
  author = {Joseph Bruestle and Phillip Gafni},
  title = {RISC Zero zkVM: Scalable, Transparent Arguments of RISC-V Integrity},
  howpublished = {Technical Report, RiscZero Team},
  year = {2023},
  url = {https://www.risczero.com/proof-system-in-detail.pdf},
}
